%% Bibliography file for Robopoly Linux guide

% Articles
@ARTICLE{avr1010,
	author = {Atmel},
	title = {{AVR1010}: Minimizing the power consumption of {XMEGA} devices},
	journal = {Application Note},
	year = {2009},
	note = {\url{http://www.atmel.com/dyn/resources/prod_documents/doc8267.pdf}}
}

% Thesis

@MastersThesis{barras2009,
	author = {Thierry Barras},
	title = {Réseau de capteurs intelligents via courant porteur},
	school = {Ecole Polytechnique Fédérale de Lausanne},
	year = {2009}
}


% Web sites
